@ARTICLE{EGG:96a,  
AUTHOR = "Edgar G. Goodaire and D. A. Robinson", 
TITLE = "A construction of loops which admit right alternative loop rings", 
JOURNAL = RESUM, 
YEAR = {1996}, 
VOLUME = {59}, 
PAGES = {56--62} } 
